{
  "leader": "04495cam a2200505Ia 4500",
  "fields": [
    {
      "001": "ocn506199393"
    },
    {
      "003": "OCoLC"
    },
    {
      "005": "20221223125541.0"
    },
    {
      "008": "050429s2004\\\\\\\\nyua\\\\\\\\\\\\\\\\\\\\000\\0\\eng\\d"
    },
    {
      "010": {
        "ind1": "\\",
        "ind2": "\\",
        "subfields": [
          {
            "a": "  2004114393"
          }
        ]
      }
    },
    {
      "040": {
        "ind1": "\\",
        "ind2": "\\",
        "subfields": [
          {
            "a": "ZCU"
          },
          {
            "b": "eng"
          },
          {
            "c": "ZCU"
          },
          {
            "d": "AAM"
          },
          {
            "d": "OCLCF"
          },
          {
            "d": "OCLCO"
          },
          {
            "d": "OCLCQ"
          },
          {
            "d": "NGA"
          },
          {
            "d": "CNUTO"
          },
          {
            "d": "AVA"
          },
          {
            "d": "OCLCQ"
          },
          {
            "d": "CNNGC"
          },
          {
            "d": "EXG"
          },
          {
            "d": "OCLCO"
          },
          {
            "d": "CNCCA"
          },
          {
            "d": "LG0"
          },
          {
            "d": "OCLCO"
          }
        ]
      }
    },
    {
      "019": {
        "ind1": "\\",
        "ind2": "\\",
        "subfields": [
          {
            "a": "1008546510"
          }
        ]
      }
    },
    {
      "020": {
        "ind1": "\\",
        "ind2": "\\",
        "subfields": [
          {
            "a": "0870700553"
          },
          {
            "q": "(pbk.)"
          }
        ]
      }
    },
    {
      "020": {
        "ind1": "\\",
        "ind2": "\\",
        "subfields": [
          {
            "a": "9780870700552"
          },
          {
            "q": "(pbk.)"
          }
        ]
      }
    },
    {
      "024": {
        "ind1": "8",
        "ind2": "\\",
        "subfields": [
          {
            "z": "114"
          }
        ]
      }
    },
    {
      "035": {
        "ind1": "\\",
        "ind2": "\\",
        "subfields": [
          {
            "a": "(OCoLC)506199393"
          },
          {
            "z": "(OCoLC)1008546510"
          }
        ]
      }
    },
    {
      "050": {
        "ind1": "\\",
        "ind2": "4",
        "subfields": [
          {
            "a": "N620.M9"
          },
          {
            "b": "S46 2004"
          }
        ]
      }
    },
    {
      "082": {
        "ind1": "0",
        "ind2": "4",
        "subfields": [
          {
            "a": "708.1471"
          },
          {
            "b": "SHO"
          }
        ]
      }
    },
    {
      "245": {
        "ind1": "0",
        "ind2": "4",
        "subfields": [
          {
            "a": "The show to end all shows :"
          },
          {
            "b": "Frank Lloyd Wright and the Museum of Modern Art, 1940 /"
          },
          {
            "c": "edited by Peter Reed and William Kaizen ; with an essay by Kathryn Smith."
          }
        ]
      }
    },
    {
      "260": {
        "ind1": "\\",
        "ind2": "\\",
        "subfields": [
          {
            "a": "New York :"
          },
          {
            "b": "Museum of Modern Art,"
          },
          {
            "c": "\u00a92004."
          }
        ]
      }
    },
    {
      "300": {
        "ind1": "\\",
        "ind2": "\\",
        "subfields": [
          {
            "a": "240 pages :"
          },
          {
            "b": "illustrations, portraits ;"
          },
          {
            "c": "26 cm."
          }
        ]
      }
    },
    {
      "336": {
        "ind1": "\\",
        "ind2": "\\",
        "subfields": [
          {
            "a": "text"
          },
          {
            "b": "txt"
          },
          {
            "2": "rdacontent"
          }
        ]
      }
    },
    {
      "337": {
        "ind1": "\\",
        "ind2": "\\",
        "subfields": [
          {
            "a": "unmediated"
          },
          {
            "b": "n"
          },
          {
            "2": "rdamedia"
          }
        ]
      }
    },
    {
      "338": {
        "ind1": "\\",
        "ind2": "\\",
        "subfields": [
          {
            "a": "volume"
          },
          {
            "b": "nc"
          },
          {
            "2": "rdacarrier"
          }
        ]
      }
    },
    {
      "490": {
        "ind1": "1",
        "ind2": "\\",
        "subfields": [
          {
            "a": "Studies in modern art ;"
          },
          {
            "v": "8"
          }
        ]
      }
    },
    {
      "500": {
        "ind1": "\\",
        "ind2": "\\",
        "subfields": [
          {
            "a": "Letters and manuscripts related to the never-published catalog to the exhibition \"Frank Lloyd Wright, American architect,\" held at the Museum of Modern Art, New York, Nov. 12, 1940-Jan. 5, 1941."
          }
        ]
      }
    },
    {
      "505": {
        "ind1": "0",
        "ind2": "\\",
        "subfields": [
          {
            "a": "The show to end all shows : Frank Lloyd Wright and the Museum of Modern Art, 1940 / Kathryn Smith -- Letters and telegrams / introduction by William Kaizen -- Original manuscripts / introduction by Peter Reed. Frank Lloyd Wright / Walter Curt Behrendt ; Frank Lloyd Wright / Walter Curt Behrendt as edited by Frank Lloyd Wright ; To my critics / Frank Lloyd Wright ; Frank Lloyd Wright : his influence in America / Talbot Hamlin -- Wright's influence abroad / Henry-Russell Hitchcock ; Builder and poet : Frank Lloyd Wright / Fiske Kimball ; The early impress of Japan on Wright's art / Grant Manson ; \"Museum of Modern Art opens large exhibition of the work of Frank Lloyd Wright\" / John McAndrew ; Structure and design in the work of Frank Lloyd Wright / Richard Neutra ; My Frank Lloyd Wright / Alvar Aalto ; Untitled / Harwell Hamilton Harris ; 1940 : Frank Lloyd Wright / Ludwig Mies van der Rohe ; To meet-to know-to battle-to love-Frank Lloyd Wright / Edgar J. Kaufmann, Sr. ; Untitled / Liliane Kaufmann ; Untitled / Edgar J. Kaufmann, Jr."
          }
        ]
      }
    },
    {
      "520": {
        "ind1": "1",
        "ind2": "\\",
        "subfields": [
          {
            "a": "\"Simultaneously excruciating and hurried in its execution, Frank Lloyd Wright, American Architect was not the show it was intended to be - \"the show to end all shows,\" in Wright's ambitious phrase. Furthermore, the accompanying publication planned by the Museum (which commissioned essays from Alvar Aalto, Henry-Russell Hitchcock, Richard Neutra, Mies van der Rohe, and other leading members of the architectural community) hit a serious roadblock in Wright's objection to one essay in the book, after an incendiary exchange of correspondence, including the architect's threat to cancel the show, the book was shelved, in the sixty-odd years since, the essays that the Museum commissioned have remained in its files, most of them lost to public view. Now, for the first time in one volume, the Museum is publishing the entire surviving group, along with a full selection of the letters and telegrams between Wright, the Museum, and others detailing the face-off between the Museum and the architect. Accompanying these documents is an extensive essay by the noted Frank Lloyd Wright scholar Kathryn Smith, who provides a full account of the exhibition, both as it was and as it was intended to be - including an unrealized plan to erect one of Wright's Usonian Houses in the MoMA garden.\"--BOOK JACKET."
          }
        ]
      }
    },
    {
      "610": {
        "ind1": "2",
        "ind2": "0",
        "subfields": [
          {
            "a": "Museum of Modern Art (New York, N.Y.)"
          }
        ]
      }
    },
    {
      "600": {
        "ind1": "1",
        "ind2": "0",
        "subfields": [
          {
            "a": "Wright, Frank Lloyd,"
          },
          {
            "d": "1867-1959"
          },
          {
            "x": "Criticism and interpretation."
          }
        ]
      }
    },
    {
      "600": {
        "ind1": "1",
        "ind2": "0",
        "subfields": [
          {
            "a": "Wright, Frank Lloyd,"
          },
          {
            "d": "1867-1959"
          },
          {
            "v": "Exhibitions."
          }
        ]
      }
    },
    {
      "600": {
        "ind1": "1",
        "ind2": "7",
        "subfields": [
          {
            "a": "Wright, Frank Lloyd,"
          },
          {
            "d": "1867-1959."
          },
          {
            "2": "fast"
          },
          {
            "0": "(OCoLC)fst00032949"
          }
        ]
      }
    },
    {
      "610": {
        "ind1": "2",
        "ind2": "7",
        "subfields": [
          {
            "a": "Museum of Modern Art (New York, N.Y.)"
          },
          {
            "2": "fast"
          },
          {
            "0": "(OCoLC)fst00530348"
          }
        ]
      }
    },
    {
      "655": {
        "ind1": "\\",
        "ind2": "7",
        "subfields": [
          {
            "a": "Criticism, interpretation, etc."
          },
          {
            "2": "fast"
          },
          {
            "0": "(OCoLC)fst01411635"
          }
        ]
      }
    },
    {
      "655": {
        "ind1": "\\",
        "ind2": "7",
        "subfields": [
          {
            "a": "Exhibition catalogs."
          },
          {
            "2": "fast"
          },
          {
            "0": "(OCoLC)fst01424028"
          }
        ]
      }
    },
    {
      "655": {
        "ind1": "\\",
        "ind2": "7",
        "subfields": [
          {
            "a": "Exhibition catalogs."
          },
          {
            "2": "lcgft"
          }
        ]
      }
    },
    {
      "700": {
        "ind1": "1",
        "ind2": "\\",
        "subfields": [
          {
            "a": "Reed, Peter,"
          },
          {
            "d": "1955-"
          }
        ]
      }
    },
    {
      "700": {
        "ind1": "1",
        "ind2": "\\",
        "subfields": [
          {
            "a": "Kaizen, William."
          }
        ]
      }
    },
    {
      "700": {
        "ind1": "1",
        "ind2": "\\",
        "subfields": [
          {
            "a": "Smith, Kathryn,"
          },
          {
            "d": "1945-"
          }
        ]
      }
    },
    {
      "710": {
        "ind1": "2",
        "ind2": "\\",
        "subfields": [
          {
            "a": "Museum of Modern Art (New York, N.Y.)"
          }
        ]
      }
    },
    {
      "740": {
        "ind1": "0",
        "ind2": "\\",
        "subfields": [
          {
            "a": "Frank Lloyd Wright, American architect."
          }
        ]
      }
    },
    {
      "830": {
        "ind1": "\\",
        "ind2": "0",
        "subfields": [
          {
            "a": "Studies in modern art ;"
          },
          {
            "v": "8."
          }
        ]
      }
    },
    {
      "994": {
        "ind1": "\\",
        "ind2": "\\",
        "subfields": [
          {
            "a": "Z0"
          },
          {
            "b": "NYRVC"
          }
        ]
      }
    },
    {
      "948": {
        "ind1": "\\",
        "ind2": "\\",
        "subfields": [
          {
            "h": "NO HOLDINGS IN NYRVC - 25 OTHER HOLDINGS"
          }
        ]
      }
    },
    {
      "999": {
        "ind1": "\\",
        "ind2": "\\",
        "subfields": [
          {
            "a": "00000000010824"
          }
        ]
      }
    }
  ]
}